%YAML 1.1
%TAG !u! tag:unity3d.com,2011:
--- !u!1 &1006167644338764
GameObject:
  m_ObjectHideFlags: 0
  m_CorrespondingSourceObject: {fileID: 0}
  m_PrefabInstance: {fileID: 0}
  m_PrefabAsset: {fileID: 0}
  serializedVersion: 6
  m_Component:
  - component: {fileID: 4947074195580496}
  m_Layer: 12
  m_Name: Goat_l_HindLeg_HipSHJnt
  m_TagString: Untagged
  m_Icon: {fileID: 0}
  m_NavMeshLayer: 0
  m_StaticEditorFlags: 0
  m_IsActive: 1
--- !u!4 &4947074195580496
Transform:
  m_ObjectHideFlags: 0
  m_CorrespondingSourceObject: {fileID: 0}
  m_PrefabInstance: {fileID: 0}
  m_PrefabAsset: {fileID: 0}
  m_GameObject: {fileID: 1006167644338764}
  m_LocalRotation: {x: -0.025664508, y: -0.12074817, z: 0.7057311, w: 0.6976423}
  m_LocalPosition: {x: -0.12612414, y: -0.112058274, z: 0.051278442}
  m_LocalScale: {x: 1, y: 1, z: 1}
  m_Children:
  - {fileID: 4253116705149734}
  m_Father: {fileID: 4386071426350184}
  m_RootOrder: 0
  m_LocalEulerAnglesHint: {x: 0, y: 0, z: 0}
--- !u!1 &1007707664272452
GameObject:
  m_ObjectHideFlags: 0
  m_CorrespondingSourceObject: {fileID: 0}
  m_PrefabInstance: {fileID: 0}
  m_PrefabAsset: {fileID: 0}
  serializedVersion: 6
  m_Component:
  - component: {fileID: 4977264121986574}
  m_Layer: 12
  m_Name: Goat_r_HindLeg_HipSHJnt
  m_TagString: Untagged
  m_Icon: {fileID: 0}
  m_NavMeshLayer: 0
  m_StaticEditorFlags: 0
  m_IsActive: 1
--- !u!4 &4977264121986574
Transform:
  m_ObjectHideFlags: 0
  m_CorrespondingSourceObject: {fileID: 0}
  m_PrefabInstance: {fileID: 0}
  m_PrefabAsset: {fileID: 0}
  m_GameObject: {fileID: 1007707664272452}
  m_LocalRotation: {x: 0.120748155, y: 0.025664493, z: 0.6976423, w: 0.7057311}
  m_LocalPosition: {x: 0.12612414, y: -0.112058274, z: 0.051278442}
  m_LocalScale: {x: 1, y: 1, z: 1}
  m_Children:
  - {fileID: 4459140597676388}
  m_Father: {fileID: 4386071426350184}
  m_RootOrder: 1
  m_LocalEulerAnglesHint: {x: 0, y: 0, z: 0}
--- !u!1 &1013722465178182
GameObject:
  m_ObjectHideFlags: 0
  m_CorrespondingSourceObject: {fileID: 0}
  m_PrefabInstance: {fileID: 0}
  m_PrefabAsset: {fileID: 0}
  serializedVersion: 6
  m_Component:
  - component: {fileID: 4617889565238556}
  m_Layer: 12
  m_Name: Goat_r_Ear_01_01SHJnt
  m_TagString: Untagged
  m_Icon: {fileID: 0}
  m_NavMeshLayer: 0
  m_StaticEditorFlags: 0
  m_IsActive: 1
--- !u!4 &4617889565238556
Transform:
  m_ObjectHideFlags: 0
  m_CorrespondingSourceObject: {fileID: 0}
  m_PrefabInstance: {fileID: 0}
  m_PrefabAsset: {fileID: 0}
  m_GameObject: {fileID: 1013722465178182}
  m_LocalRotation: {x: 0.9273616, y: -0.069845445, z: 0.015131931, w: 0.367278}
  m_LocalPosition: {x: 0.07375392, y: -0.073206715, z: -0.07580338}
  m_LocalScale: {x: 1, y: 1, z: 1}
  m_Children:
  - {fileID: 4135486224600922}
  m_Father: {fileID: 4727899602198534}
  m_RootOrder: 1
  m_LocalEulerAnglesHint: {x: 0, y: 0, z: 0}
--- !u!1 &1030343686604726
GameObject:
  m_ObjectHideFlags: 0
  m_CorrespondingSourceObject: {fileID: 0}
  m_PrefabInstance: {fileID: 0}
  m_PrefabAsset: {fileID: 0}
  serializedVersion: 6
  m_Component:
  - component: {fileID: 4192910572326550}
  m_Layer: 12
  m_Name: Goat_Head_JawSHJnt
  m_TagString: Untagged
  m_Icon: {fileID: 0}
  m_NavMeshLayer: 0
  m_StaticEditorFlags: 0
  m_IsActive: 1
--- !u!4 &4192910572326550
Transform:
  m_ObjectHideFlags: 0
  m_CorrespondingSourceObject: {fileID: 0}
  m_PrefabInstance: {fileID: 0}
  m_PrefabAsset: {fileID: 0}
  m_GameObject: {fileID: 1030343686604726}
  m_LocalRotation: {x: -1.1102232e-16, y: -8.3266733e-17, z: 0.7071068, w: 0.7071068}
  m_LocalPosition: {x: -0.054763336, y: 6.070064e-16, z: 0.1864823}
  m_LocalScale: {x: 1, y: 1, z: 1}
  m_Children:
  - {fileID: 4265324552607720}
  m_Father: {fileID: 4975452898088238}
  m_RootOrder: 0
  m_LocalEulerAnglesHint: {x: 0, y: 0, z: 0}
--- !u!1 &1031875767396204
GameObject:
  m_ObjectHideFlags: 0
  m_CorrespondingSourceObject: {fileID: 0}
  m_PrefabInstance: {fileID: 0}
  m_PrefabAsset: {fileID: 0}
  serializedVersion: 6
  m_Component:
  - component: {fileID: 4738760546921220}
  m_Layer: 12
  m_Name: Goat_r_HindLeg_Knee2SHJnt
  m_TagString: Untagged
  m_Icon: {fileID: 0}
  m_NavMeshLayer: 0
  m_StaticEditorFlags: 0
  m_IsActive: 1
--- !u!4 &4738760546921220
Transform:
  m_ObjectHideFlags: 0
  m_CorrespondingSourceObject: {fileID: 0}
  m_PrefabInstance: {fileID: 0}
  m_PrefabAsset: {fileID: 0}
  m_GameObject: {fileID: 1031875767396204}
  m_LocalRotation: {x: -0.03469899, y: 0.046098318, z: -0.0046016043, w: 0.9983235}
  m_LocalPosition: {x: -0.18608509, y: -2.842171e-16, z: 2.1316282e-16}
  m_LocalScale: {x: 1, y: 1, z: 1}
  m_Children:
  - {fileID: 4433005851257080}
  m_Father: {fileID: 4459140597676388}
  m_RootOrder: 0
  m_LocalEulerAnglesHint: {x: 0, y: 0, z: 0}
--- !u!1 &1069710363394968
GameObject:
  m_ObjectHideFlags: 0
  m_CorrespondingSourceObject: {fileID: 0}
  m_PrefabInstance: {fileID: 0}
  m_PrefabAsset: {fileID: 0}
  serializedVersion: 6
  m_Component:
  - component: {fileID: 4386071426350184}
  m_Layer: 12
  m_Name: Goat_ROOTSHJnt
  m_TagString: Untagged
  m_Icon: {fileID: 0}
  m_NavMeshLayer: 0
  m_StaticEditorFlags: 0
  m_IsActive: 1
--- !u!4 &4386071426350184
Transform:
  m_ObjectHideFlags: 0
  m_CorrespondingSourceObject: {fileID: 0}
  m_PrefabInstance: {fileID: 0}
  m_PrefabAsset: {fileID: 0}
  m_GameObject: {fileID: 1069710363394968}
  m_LocalRotation: {x: 0, y: -0, z: -0, w: 1}
  m_LocalPosition: {x: -0, y: 0.7615363, z: -0.38054717}
  m_LocalScale: {x: 1, y: 1, z: 1}
  m_Children:
  - {fileID: 4947074195580496}
  - {fileID: 4977264121986574}
  - {fileID: 4504796839284186}
  - {fileID: 4609051660407186}
  m_Father: {fileID: 4245257308710294}
  m_RootOrder: 0
  m_LocalEulerAnglesHint: {x: 0, y: 0, z: 0}
--- !u!1 &1072507582394194
GameObject:
  m_ObjectHideFlags: 0
  m_CorrespondingSourceObject: {fileID: 0}
  m_PrefabInstance: {fileID: 0}
  m_PrefabAsset: {fileID: 0}
  serializedVersion: 6
  m_Component:
  - component: {fileID: 4975452898088238}
  m_Layer: 12
  m_Name: Goat_Neck_TopSHJnt
  m_TagString: Untagged
  m_Icon: {fileID: 0}
  m_NavMeshLayer: 0
  m_StaticEditorFlags: 0
  m_IsActive: 1
--- !u!4 &4975452898088238
Transform:
  m_ObjectHideFlags: 0
  m_CorrespondingSourceObject: {fileID: 0}
  m_PrefabInstance: {fileID: 0}
  m_PrefabAsset: {fileID: 0}
  m_GameObject: {fileID: 1072507582394194}
  m_LocalRotation: {x: -5.586878e-17, y: -0.18841119, z: 3.4126043e-18, w: 0.98209023}
  m_LocalPosition: {x: -0.11945439, y: -7.1788464e-17, z: -0.018600857}
  m_LocalScale: {x: 1, y: 1, z: 1}
  m_Children:
  - {fileID: 4192910572326550}
  - {fileID: 4727899602198534}
  m_Father: {fileID: 4352401930782858}
  m_RootOrder: 0
  m_LocalEulerAnglesHint: {x: 0, y: 0, z: 0}
--- !u!1 &1104706919474366
GameObject:
  m_ObjectHideFlags: 0
  m_CorrespondingSourceObject: {fileID: 0}
  m_PrefabInstance: {fileID: 0}
  m_PrefabAsset: {fileID: 0}
  serializedVersion: 6
  m_Component:
  - component: {fileID: 4211764740811872}
  m_Layer: 12
  m_Name: Goat_Spine_04SHJnt
  m_TagString: Untagged
  m_Icon: {fileID: 0}
  m_NavMeshLayer: 0
  m_StaticEditorFlags: 0
  m_IsActive: 1
--- !u!4 &4211764740811872
Transform:
  m_ObjectHideFlags: 0
  m_CorrespondingSourceObject: {fileID: 0}
  m_PrefabInstance: {fileID: 0}
  m_PrefabAsset: {fileID: 0}
  m_GameObject: {fileID: 1104706919474366}
  m_LocalRotation: {x: 1.4163847e-16, y: 2.220446e-16, z: 1.1388289e-16, w: 1}
  m_LocalPosition: {x: -0.13726805, y: -7.982688e-17, z: -0.010664724}
  m_LocalScale: {x: 1, y: 1, z: 1}
  m_Children:
  - {fileID: 4512159388331626}
  m_Father: {fileID: 4419234153560328}
  m_RootOrder: 0
  m_LocalEulerAnglesHint: {x: 0, y: 0, z: 0}
--- !u!1 &1122922842339380
GameObject:
  m_ObjectHideFlags: 0
  m_CorrespondingSourceObject: {fileID: 0}
  m_PrefabInstance: {fileID: 0}
  m_PrefabAsset: {fileID: 0}
  serializedVersion: 6
  m_Component:
  - component: {fileID: 4575598649626824}
  m_Layer: 12
  m_Name: Goat_l_FrontLeg_Knee2SHJnt
  m_TagString: Untagged
  m_Icon: {fileID: 0}
  m_NavMeshLayer: 0
  m_StaticEditorFlags: 0
  m_IsActive: 1
--- !u!4 &4575598649626824
Transform:
  m_ObjectHideFlags: 0
  m_CorrespondingSourceObject: {fileID: 0}
  m_PrefabInstance: {fileID: 0}
  m_PrefabAsset: {fileID: 0}
  m_GameObject: {fileID: 1122922842339380}
  m_LocalRotation: {x: 0.000022208063, y: 0.11022903, z: 0.00000064980895, w: 0.9939062}
  m_LocalPosition: {x: -0.17348447, y: -2.6112444e-15, z: -3.5527135e-16}
  m_LocalScale: {x: 1, y: 1, z: 1}
  m_Children:
  - {fileID: 4949261753544794}
  m_Father: {fileID: 4020442338541176}
  m_RootOrder: 0
  m_LocalEulerAnglesHint: {x: 0, y: 0, z: 0}
--- !u!1 &1144495389984386
GameObject:
  m_ObjectHideFlags: 0
  m_CorrespondingSourceObject: {fileID: 0}
  m_PrefabInstance: {fileID: 0}
  m_PrefabAsset: {fileID: 0}
  serializedVersion: 6
  m_Component:
  - component: {fileID: 4465120829593570}
  m_Layer: 12
  m_Name: Goat_l_Ear_01_01SHJnt
  m_TagString: Untagged
  m_Icon: {fileID: 0}
  m_NavMeshLayer: 0
  m_StaticEditorFlags: 0
  m_IsActive: 1
--- !u!4 &4465120829593570
Transform:
  m_ObjectHideFlags: 0
  m_CorrespondingSourceObject: {fileID: 0}
  m_PrefabInstance: {fileID: 0}
  m_PrefabAsset: {fileID: 0}
  m_GameObject: {fileID: 1144495389984386}
  m_LocalRotation: {x: 0.9273616, y: 0.069845445, z: -0.015131931, w: 0.367278}
  m_LocalPosition: {x: -0.07375392, y: -0.073206715, z: -0.07580338}
  m_LocalScale: {x: 1, y: 1, z: 1}
  m_Children:
  - {fileID: 4342456437734082}
  m_Father: {fileID: 4727899602198534}
  m_RootOrder: 0
  m_LocalEulerAnglesHint: {x: 0, y: 0, z: 0}
--- !u!1 &1159719058126750
GameObject:
  m_ObjectHideFlags: 0
  m_CorrespondingSourceObject: {fileID: 0}
  m_PrefabInstance: {fileID: 0}
  m_PrefabAsset: {fileID: 0}
  serializedVersion: 6
  m_Component:
  - component: {fileID: 4459140597676388}
  m_Layer: 12
  m_Name: Goat_r_HindLeg_Knee1SHJnt
  m_TagString: Untagged
  m_Icon: {fileID: 0}
  m_NavMeshLayer: 0
  m_StaticEditorFlags: 0
  m_IsActive: 1
--- !u!4 &4459140597676388
Transform:
  m_ObjectHideFlags: 0
  m_CorrespondingSourceObject: {fileID: 0}
  m_PrefabInstance: {fileID: 0}
  m_PrefabAsset: {fileID: 0}
  m_GameObject: {fileID: 1159719058126750}
  m_LocalRotation: {x: -4.1140496e-17, y: 0.13228828, z: 3.0825803e-16, w: 0.9912113}
  m_LocalPosition: {x: -0.38345566, y: -2.1316282e-16, z: 1.4210854e-16}
  m_LocalScale: {x: 1, y: 1, z: 1}
  m_Children:
  - {fileID: 4738760546921220}
  m_Father: {fileID: 4977264121986574}
  m_RootOrder: 0
  m_LocalEulerAnglesHint: {x: 0, y: 0, z: 0}
--- !u!1 &1238798137069870
GameObject:
  m_ObjectHideFlags: 0
  m_CorrespondingSourceObject: {fileID: 0}
  m_PrefabInstance: {fileID: 0}
  m_PrefabAsset: {fileID: 0}
  serializedVersion: 6
  m_Component:
  - component: {fileID: 4504796839284186}
  m_Layer: 12
  m_Name: Goat_Spine_01SHJnt
  m_TagString: Untagged
  m_Icon: {fileID: 0}
  m_NavMeshLayer: 0
  m_StaticEditorFlags: 0
  m_IsActive: 1
--- !u!4 &4504796839284186
Transform:
  m_ObjectHideFlags: 0
  m_CorrespondingSourceObject: {fileID: 0}
  m_PrefabInstance: {fileID: 0}
  m_PrefabAsset: {fileID: 0}
  m_GameObject: {fileID: 1238798137069870}
  m_LocalRotation: {x: -0.48109055, y: 0.48109055, z: 0.51821995, w: 0.51821995}
  m_LocalPosition: {x: 2.8420796e-16, y: -0.0050070295, z: 0.13726322}
  m_LocalScale: {x: 1, y: 1, z: 1}
  m_Children:
  - {fileID: 4205807918395548}
  m_Father: {fileID: 4386071426350184}
  m_RootOrder: 2
  m_LocalEulerAnglesHint: {x: 0, y: 0, z: 0}
--- !u!1 &1271189321533726
GameObject:
  m_ObjectHideFlags: 0
  m_CorrespondingSourceObject: {fileID: 0}
  m_PrefabInstance: {fileID: 0}
  m_PrefabAsset: {fileID: 0}
  serializedVersion: 6
  m_Component:
  - component: {fileID: 4927778648259874}
  m_Layer: 12
  m_Name: Goat_l_HindLeg_BallSHJnt
  m_TagString: Untagged
  m_Icon: {fileID: 0}
  m_NavMeshLayer: 0
  m_StaticEditorFlags: 0
  m_IsActive: 1
--- !u!4 &4927778648259874
Transform:
  m_ObjectHideFlags: 0
  m_CorrespondingSourceObject: {fileID: 0}
  m_PrefabInstance: {fileID: 0}
  m_PrefabAsset: {fileID: 0}
  m_GameObject: {fileID: 1271189321533726}
  m_LocalRotation: {x: -0.000000009814125, y: 0.70710504, z: -0.000000009814081, w: 0.7071085}
  m_LocalPosition: {x: -0.060050547, y: -1.0658141e-16, z: 0.023065593}
  m_LocalScale: {x: 1, y: 1, z: 1}
  m_Children:
  - {fileID: 4966701051755628}
  m_Father: {fileID: 4230693062951736}
  m_RootOrder: 0
  m_LocalEulerAnglesHint: {x: 0, y: 0, z: 0}
--- !u!1 &1283015151970426
GameObject:
  m_ObjectHideFlags: 0
  m_CorrespondingSourceObject: {fileID: 0}
  m_PrefabInstance: {fileID: 0}
  m_PrefabAsset: {fileID: 0}
  serializedVersion: 6
  m_Component:
  - component: {fileID: 4609051660407186}
  m_Layer: 12
  m_Name: Goat_Tail_01_01SHJnt
  m_TagString: Untagged
  m_Icon: {fileID: 0}
  m_NavMeshLayer: 0
  m_StaticEditorFlags: 0
  m_IsActive: 1
--- !u!4 &4609051660407186
Transform:
  m_ObjectHideFlags: 0
  m_CorrespondingSourceObject: {fileID: 0}
  m_PrefabInstance: {fileID: 0}
  m_PrefabAsset: {fileID: 0}
  m_GameObject: {fileID: 1283015151970426}
  m_LocalRotation: {x: -0.15180504, y: -0.69061947, z: 0.15180504, w: 0.69061947}
  m_LocalPosition: {x: -9.935637e-17, y: -0.006124985, z: -0.11960983}
  m_LocalScale: {x: 1, y: 1, z: 1}
  m_Children:
  - {fileID: 4844140632792426}
  m_Father: {fileID: 4386071426350184}
  m_RootOrder: 3
  m_LocalEulerAnglesHint: {x: 0, y: 0, z: 0}
--- !u!1 &1285440871279820
GameObject:
  m_ObjectHideFlags: 0
  m_CorrespondingSourceObject: {fileID: 0}
  m_PrefabInstance: {fileID: 0}
  m_PrefabAsset: {fileID: 0}
  serializedVersion: 6
  m_Component:
  - component: {fileID: 4540584490673002}
  m_Layer: 12
  m_Name: Goat_l_Ear_01_03SHJnt
  m_TagString: Untagged
  m_Icon: {fileID: 0}
  m_NavMeshLayer: 0
  m_StaticEditorFlags: 0
  m_IsActive: 1
--- !u!4 &4540584490673002
Transform:
  m_ObjectHideFlags: 0
  m_CorrespondingSourceObject: {fileID: 0}
  m_PrefabInstance: {fileID: 0}
  m_PrefabAsset: {fileID: 0}
  m_GameObject: {fileID: 1285440871279820}
  m_LocalRotation: {x: -3.934349e-15, y: 2.8005607e-15, z: -0.17210117, w: 0.9850793}
  m_LocalPosition: {x: -0.09455611, y: 0.023000188, z: 0}
  m_LocalScale: {x: 1, y: 1, z: 1}
  m_Children: []
  m_Father: {fileID: 4342456437734082}
  m_RootOrder: 0
  m_LocalEulerAnglesHint: {x: 0, y: 0, z: 0}
--- !u!1 &1290888874313728
GameObject:
  m_ObjectHideFlags: 0
  m_CorrespondingSourceObject: {fileID: 0}
  m_PrefabInstance: {fileID: 0}
  m_PrefabAsset: {fileID: 0}
  serializedVersion: 6
  m_Component:
  - component: {fileID: 4604742550866644}
  m_Layer: 12
  m_Name: Goat_l_FrontLeg_ToeSHJnt
  m_TagString: Untagged
  m_Icon: {fileID: 0}
  m_NavMeshLayer: 0
  m_StaticEditorFlags: 0
  m_IsActive: 1
--- !u!4 &4604742550866644
Transform:
  m_ObjectHideFlags: 0
  m_CorrespondingSourceObject: {fileID: 0}
  m_PrefabInstance: {fileID: 0}
  m_PrefabAsset: {fileID: 0}
  m_GameObject: {fileID: 1290888874313728}
  m_LocalRotation: {x: 0, y: -0, z: -0, w: 1}
  m_LocalPosition: {x: -0.06119756, y: 5.3290704e-17, z: 4.635303e-18}
  m_LocalScale: {x: 1, y: 1, z: 1}
  m_Children: []
  m_Father: {fileID: 4339126835313414}
  m_RootOrder: 0
  m_LocalEulerAnglesHint: {x: 0, y: 0, z: 0}
--- !u!1 &1304427922337508
GameObject:
  m_ObjectHideFlags: 0
  m_CorrespondingSourceObject: {fileID: 0}
  m_PrefabInstance: {fileID: 0}
  m_PrefabAsset: {fileID: 0}
  serializedVersion: 6
  m_Component:
  - component: {fileID: 4997648612832210}
  m_Layer: 12
  m_Name: Goat_l_HindLeg_Knee2SHJnt
  m_TagString: Untagged
  m_Icon: {fileID: 0}
  m_NavMeshLayer: 0
  m_StaticEditorFlags: 0
  m_IsActive: 1
--- !u!4 &4997648612832210
Transform:
  m_ObjectHideFlags: 0
  m_CorrespondingSourceObject: {fileID: 0}
  m_PrefabInstance: {fileID: 0}
  m_PrefabAsset: {fileID: 0}
  m_GameObject: {fileID: 1304427922337508}
  m_LocalRotation: {x: 0.034699008, y: 0.04609832, z: 0.004601653, w: 0.9983235}
  m_LocalPosition: {x: -0.18608509, y: 2.842171e-16, z: 3.5527136e-17}
  m_LocalScale: {x: 1, y: 1, z: 1}
  m_Children:
  - {fileID: 4230693062951736}
  m_Father: {fileID: 4253116705149734}
  m_RootOrder: 0
  m_LocalEulerAnglesHint: {x: 0, y: 0, z: 0}
--- !u!1 &1336803963209402
GameObject:
  m_ObjectHideFlags: 0
  m_CorrespondingSourceObject: {fileID: 0}
  m_PrefabInstance: {fileID: 0}
  m_PrefabAsset: {fileID: 0}
  serializedVersion: 6
  m_Component:
  - component: {fileID: 4245257308710294}
  m_Layer: 12
  m_Name: Goat_MAINSHJnt
  m_TagString: Untagged
  m_Icon: {fileID: 0}
  m_NavMeshLayer: 0
  m_StaticEditorFlags: 0
  m_IsActive: 1
--- !u!4 &4245257308710294
Transform:
  m_ObjectHideFlags: 0
  m_CorrespondingSourceObject: {fileID: 0}
  m_PrefabInstance: {fileID: 0}
  m_PrefabAsset: {fileID: 0}
  m_GameObject: {fileID: 1336803963209402}
  m_LocalRotation: {x: 0, y: -0, z: -0, w: 1}
  m_LocalPosition: {x: -0, y: 0, z: 0}
  m_LocalScale: {x: 1, y: 1, z: 1}
  m_Children:
  - {fileID: 4386071426350184}
  m_Father: {fileID: 4729376905499778}
  m_RootOrder: 0
  m_LocalEulerAnglesHint: {x: 0, y: 0, z: 0}
--- !u!1 &1341859339170522
GameObject:
  m_ObjectHideFlags: 0
  m_CorrespondingSourceObject: {fileID: 0}
  m_PrefabInstance: {fileID: 0}
  m_PrefabAsset: {fileID: 0}
  serializedVersion: 6
  m_Component:
  - component: {fileID: 4418246668786970}
  - component: {fileID: 137033670612402160}
  - component: {fileID: 114817653671358406}
  m_Layer: 12
  m_Name: goat_mesh
  m_TagString: Untagged
  m_Icon: {fileID: 0}
  m_NavMeshLayer: 0
  m_StaticEditorFlags: 0
  m_IsActive: 1
--- !u!4 &4418246668786970
Transform:
  m_ObjectHideFlags: 0
  m_CorrespondingSourceObject: {fileID: 0}
  m_PrefabInstance: {fileID: 0}
  m_PrefabAsset: {fileID: 0}
  m_GameObject: {fileID: 1341859339170522}
  m_LocalRotation: {x: 0, y: -0, z: -0, w: 1}
  m_LocalPosition: {x: -0, y: 0, z: 0}
  m_LocalScale: {x: 1, y: 1, z: 1}
  m_Children: []
  m_Father: {fileID: 4729376905499778}
  m_RootOrder: 1
  m_LocalEulerAnglesHint: {x: 0, y: 0, z: 0}
--- !u!137 &137033670612402160
SkinnedMeshRenderer:
  m_ObjectHideFlags: 0
  m_CorrespondingSourceObject: {fileID: 0}
  m_PrefabInstance: {fileID: 0}
  m_PrefabAsset: {fileID: 0}
  m_GameObject: {fileID: 1341859339170522}
  m_Enabled: 1
  m_CastShadows: 1
  m_ReceiveShadows: 1
  m_DynamicOccludee: 1
  m_MotionVectors: 1
  m_LightProbeUsage: 1
  m_ReflectionProbeUsage: 1
  m_RenderingLayerMask: 4294967295
  m_RendererPriority: 0
  m_Materials:
  - {fileID: 2100000, guid: 01d9eadc13ff9e14692bf2e7c9fd8a35, type: 2}
  m_StaticBatchInfo:
    firstSubMesh: 0
    subMeshCount: 0
  m_StaticBatchRoot: {fileID: 0}
  m_ProbeAnchor: {fileID: 0}
  m_LightProbeVolumeOverride: {fileID: 0}
  m_ScaleInLightmap: 1
  m_ReceiveGI: 1
  m_PreserveUVs: 0
  m_IgnoreNormalsForChartDetection: 0
  m_ImportantGI: 0
  m_StitchLightmapSeams: 0
  m_SelectedEditorRenderState: 3
  m_MinimumChartSize: 4
  m_AutoUVMaxDistance: 0.5
  m_AutoUVMaxAngle: 89
  m_LightmapParameters: {fileID: 0}
  m_SortingLayerID: 0
  m_SortingLayer: 0
  m_SortingOrder: 0
  serializedVersion: 2
  m_Quality: 0
  m_UpdateWhenOffscreen: 0
  m_SkinnedMotionVectors: 1
  m_Mesh: {fileID: 4300000, guid: 3427cd0e170dfaf41ac1540f3fee4e5f, type: 3}
  m_Bones:
  - {fileID: 4245257308710294}
  - {fileID: 4386071426350184}
  - {fileID: 4504796839284186}
  - {fileID: 4205807918395548}
  - {fileID: 4419234153560328}
  - {fileID: 4211764740811872}
  - {fileID: 4512159388331626}
  - {fileID: 4243815212706282}
  - {fileID: 4860358861183968}
  - {fileID: 4020442338541176}
  - {fileID: 4575598649626824}
  - {fileID: 4949261753544794}
  - {fileID: 4339126835313414}
  - {fileID: 4604742550866644}
  - {fileID: 4103930261392186}
  - {fileID: 4242784117722870}
  - {fileID: 4579880907646298}
  - {fileID: 4271624756520614}
  - {fileID: 4521252096307158}
  - {fileID: 4149395275936800}
  - {fileID: 4166364684048710}
  - {fileID: 4221670819728398}
  - {fileID: 4352401930782858}
  - {fileID: 4975452898088238}
  - {fileID: 4192910572326550}
  - {fileID: 4265324552607720}
  - {fileID: 4727899602198534}
  - {fileID: 4465120829593570}
  - {fileID: 4342456437734082}
  - {fileID: 4540584490673002}
  - {fileID: 4617889565238556}
  - {fileID: 4135486224600922}
  - {fileID: 4331453299988470}
  - {fileID: 4947074195580496}
  - {fileID: 4253116705149734}
  - {fileID: 4997648612832210}
  - {fileID: 4230693062951736}
  - {fileID: 4927778648259874}
  - {fileID: 4966701051755628}
  - {fileID: 4977264121986574}
  - {fileID: 4459140597676388}
  - {fileID: 4738760546921220}
  - {fileID: 4433005851257080}
  - {fileID: 4724327383807972}
  - {fileID: 4278397390272176}
  - {fileID: 4609051660407186}
  - {fileID: 4844140632792426}
  - {fileID: 4784373730844426}
  m_BlendShapeWeights: []
  m_RootBone: {fileID: 4245257308710294}
  m_AABB:
    m_Center: {x: -0.0033199415, y: 0.66632086, z: 0.15003547}
    m_Extent: {x: 0.24612468, y: 0.6887767, z: 0.8047495}
  m_DirtyAABB: 0
--- !u!114 &114817653671358406
MonoBehaviour:
  m_ObjectHideFlags: 0
  m_CorrespondingSourceObject: {fileID: 0}
  m_PrefabInstance: {fileID: 0}
  m_PrefabAsset: {fileID: 0}
  m_GameObject: {fileID: 1341859339170522}
  m_Enabled: 1
  m_EditorHideFlags: 0
  m_Script: {fileID: 11500000, guid: fbf3575480402db40813e763382412fb, type: 3}
  m_Name: 
  m_EditorClassIdentifier: 
  color: 0
  eraseRenderer: 0
  originalLayer: 0
  originalMaterials: []
--- !u!1 &1379901082979566
GameObject:
  m_ObjectHideFlags: 0
  m_CorrespondingSourceObject: {fileID: 0}
  m_PrefabInstance: {fileID: 0}
  m_PrefabAsset: {fileID: 0}
  serializedVersion: 6
  m_Component:
  - component: {fileID: 4278397390272176}
  m_Layer: 12
  m_Name: Goat_r_HindLeg_ToeSHJnt
  m_TagString: Untagged
  m_Icon: {fileID: 0}
  m_NavMeshLayer: 0
  m_StaticEditorFlags: 0
  m_IsActive: 1
--- !u!4 &4278397390272176
Transform:
  m_ObjectHideFlags: 0
  m_CorrespondingSourceObject: {fileID: 0}
  m_PrefabInstance: {fileID: 0}
  m_PrefabAsset: {fileID: 0}
  m_GameObject: {fileID: 1379901082979566}
  m_LocalRotation: {x: 0, y: -0, z: -0, w: 1}
  m_LocalPosition: {x: -0.04808581, y: 1.4210854e-16, z: 1.2011876e-17}
  m_LocalScale: {x: 1, y: 1, z: 1}
  m_Children: []
  m_Father: {fileID: 4724327383807972}
  m_RootOrder: 0
  m_LocalEulerAnglesHint: {x: 0, y: 0, z: 0}
--- !u!1 &1401359845549036
GameObject:
  m_ObjectHideFlags: 0
  m_CorrespondingSourceObject: {fileID: 0}
  m_PrefabInstance: {fileID: 0}
  m_PrefabAsset: {fileID: 0}
  serializedVersion: 6
  m_Component:
  - component: {fileID: 4844140632792426}
  m_Layer: 12
  m_Name: Goat_Tail_01_02SHJnt
  m_TagString: Untagged
  m_Icon: {fileID: 0}
  m_NavMeshLayer: 0
  m_StaticEditorFlags: 0
  m_IsActive: 1
--- !u!4 &4844140632792426
Transform:
  m_ObjectHideFlags: 0
  m_CorrespondingSourceObject: {fileID: 0}
  m_PrefabInstance: {fileID: 0}
  m_PrefabAsset: {fileID: 0}
  m_GameObject: {fileID: 1401359845549036}
  m_LocalRotation: {x: 2.7978975e-16, y: 9.138025e-18, z: 0.12706955, w: 0.9918938}
  m_LocalPosition: {x: -0.072612405, y: -0.016770255, z: 3.0384514e-17}
  m_LocalScale: {x: 1, y: 1, z: 1}
  m_Children:
  - {fileID: 4784373730844426}
  m_Father: {fileID: 4609051660407186}
  m_RootOrder: 0
  m_LocalEulerAnglesHint: {x: 0, y: 0, z: 0}
--- !u!1 &1410160798977958
GameObject:
  m_ObjectHideFlags: 0
  m_CorrespondingSourceObject: {fileID: 0}
  m_PrefabInstance: {fileID: 0}
  m_PrefabAsset: {fileID: 0}
  serializedVersion: 6
  m_Component:
  - component: {fileID: 4433005851257080}
  m_Layer: 12
  m_Name: Goat_r_HindLeg_AnkleSHJnt
  m_TagString: Untagged
  m_Icon: {fileID: 0}
  m_NavMeshLayer: 0
  m_StaticEditorFlags: 0
  m_IsActive: 1
--- !u!4 &4433005851257080
Transform:
  m_ObjectHideFlags: 0
  m_CorrespondingSourceObject: {fileID: 0}
  m_PrefabInstance: {fileID: 0}
  m_PrefabAsset: {fileID: 0}
  m_GameObject: {fileID: 1410160798977958}
  m_LocalRotation: {x: 0.015292328, y: -0.11096051, z: -0.0011525325, w: 0.9937065}
  m_LocalPosition: {x: -0.025587076, y: 1.0658141e-16, z: 1.4210854e-16}
  m_LocalScale: {x: 1, y: 1, z: 1}
  m_Children:
  - {fileID: 4724327383807972}
  m_Father: {fileID: 4738760546921220}
  m_RootOrder: 0
  m_LocalEulerAnglesHint: {x: 0, y: 0, z: 0}
--- !u!1 &1458725087806680
GameObject:
  m_ObjectHideFlags: 0
  m_CorrespondingSourceObject: {fileID: 0}
  m_PrefabInstance: {fileID: 0}
  m_PrefabAsset: {fileID: 0}
  serializedVersion: 6
  m_Component:
  - component: {fileID: 4265324552607720}
  m_Layer: 12
  m_Name: Goat_Head_JawEndSHJnt
  m_TagString: Untagged
  m_Icon: {fileID: 0}
  m_NavMeshLayer: 0
  m_StaticEditorFlags: 0
  m_IsActive: 1
--- !u!4 &4265324552607720
Transform:
  m_ObjectHideFlags: 0
  m_CorrespondingSourceObject: {fileID: 0}
  m_PrefabInstance: {fileID: 0}
  m_PrefabAsset: {fileID: 0}
  m_GameObject: {fileID: 1458725087806680}
  m_LocalRotation: {x: 0.8470922, y: 0, z: 0, w: 0.5314459}
  m_LocalPosition: {x: 4.2392548e-16, y: -0.02174031, z: 0.12460621}
  m_LocalScale: {x: 1, y: 1, z: 1}
  m_Children: []
  m_Father: {fileID: 4192910572326550}
  m_RootOrder: 0
  m_LocalEulerAnglesHint: {x: 0, y: 0, z: 0}
--- !u!1 &1472886968356954
GameObject:
  m_ObjectHideFlags: 0
  m_CorrespondingSourceObject: {fileID: 0}
  m_PrefabInstance: {fileID: 0}
  m_PrefabAsset: {fileID: 0}
  serializedVersion: 6
  m_Component:
  - component: {fileID: 4205807918395548}
  m_Layer: 12
  m_Name: Goat_Spine_02SHJnt
  m_TagString: Untagged
  m_Icon: {fileID: 0}
  m_NavMeshLayer: 0
  m_StaticEditorFlags: 0
  m_IsActive: 1
--- !u!4 &4205807918395548
Transform:
  m_ObjectHideFlags: 0
  m_CorrespondingSourceObject: {fileID: 0}
  m_PrefabInstance: {fileID: 0}
  m_PrefabAsset: {fileID: 0}
  m_GameObject: {fileID: 1472886968356954}
  m_LocalRotation: {x: 2.264004e-15, y: -0.000015233214, z: -2.0216922e-16, w: 1}
  m_LocalPosition: {x: -0.13721217, y: 5.984283e-16, z: 0.0050786845}
  m_LocalScale: {x: 1, y: 1, z: 1}
  m_Children:
  - {fileID: 4419234153560328}
  m_Father: {fileID: 4504796839284186}
  m_RootOrder: 0
  m_LocalEulerAnglesHint: {x: 0, y: 0, z: 0}
--- !u!1 &1474701108920892
GameObject:
  m_ObjectHideFlags: 0
  m_CorrespondingSourceObject: {fileID: 0}
  m_PrefabInstance: {fileID: 0}
  m_PrefabAsset: {fileID: 0}
  serializedVersion: 6
  m_Component:
  - component: {fileID: 4221670819728398}
  m_Layer: 12
  m_Name: Goat_Neck_01SHJnt
  m_TagString: Untagged
  m_Icon: {fileID: 0}
  m_NavMeshLayer: 0
  m_StaticEditorFlags: 0
  m_IsActive: 1
--- !u!4 &4221670819728398
Transform:
  m_ObjectHideFlags: 0
  m_CorrespondingSourceObject: {fileID: 0}
  m_PrefabInstance: {fileID: 0}
  m_PrefabAsset: {fileID: 0}
  m_GameObject: {fileID: 1474701108920892}
  m_LocalRotation: {x: 3.828086e-17, y: -0.3482351, z: 1.03047494e-16, w: 0.93740726}
  m_LocalPosition: {x: -0.11967656, y: -3.4017992e-16, z: -0.056258716}
  m_LocalScale: {x: 1, y: 1, z: 1}
  m_Children:
  - {fileID: 4352401930782858}
  m_Father: {fileID: 4512159388331626}
  m_RootOrder: 1
  m_LocalEulerAnglesHint: {x: 0, y: 0, z: 0}
--- !u!1 &1477669391822648
GameObject:
  m_ObjectHideFlags: 0
  m_CorrespondingSourceObject: {fileID: 0}
  m_PrefabInstance: {fileID: 0}
  m_PrefabAsset: {fileID: 0}
  serializedVersion: 6
  m_Component:
  - component: {fileID: 4860358861183968}
  m_Layer: 12
  m_Name: Goat_l_FrontLeg_HipSHJnt
  m_TagString: Untagged
  m_Icon: {fileID: 0}
  m_NavMeshLayer: 0
  m_StaticEditorFlags: 0
  m_IsActive: 1
--- !u!4 &4860358861183968
Transform:
  m_ObjectHideFlags: 0
  m_CorrespondingSourceObject: {fileID: 0}
  m_PrefabInstance: {fileID: 0}
  m_PrefabAsset: {fileID: 0}
  m_GameObject: {fileID: 1477669391822648}
  m_LocalRotation: {x: -0.5011437, y: 0.50538886, z: 0.49890342, w: 0.49450228}
  m_LocalPosition: {x: -0.029832594, y: -0.005488457, z: 0.10155617}
  m_LocalScale: {x: 1, y: 1, z: 1}
  m_Children:
  - {fileID: 4020442338541176}
  m_Father: {fileID: 4243815212706282}
  m_RootOrder: 0
  m_LocalEulerAnglesHint: {x: 0, y: 0, z: 0}
--- !u!1 &1484924761643416
GameObject:
  m_ObjectHideFlags: 0
  m_CorrespondingSourceObject: {fileID: 0}
  m_PrefabInstance: {fileID: 0}
  m_PrefabAsset: {fileID: 0}
  serializedVersion: 6
  m_Component:
  - component: {fileID: 4103930261392186}
  m_Layer: 12
  m_Name: Goat_r_Clavicle_01_01SHJnt
  m_TagString: Untagged
  m_Icon: {fileID: 0}
  m_NavMeshLayer: 0
  m_StaticEditorFlags: 0
  m_IsActive: 1
--- !u!4 &4103930261392186
Transform:
  m_ObjectHideFlags: 0
  m_CorrespondingSourceObject: {fileID: 0}
  m_PrefabInstance: {fileID: 0}
  m_PrefabAsset: {fileID: 0}
  m_GameObject: {fileID: 1484924761643416}
  m_LocalRotation: {x: 0, y: 0, z: 0.7071068, w: 0.7071068}
  m_LocalPosition: {x: -1.7763567e-16, y: 0.086702965, z: -2.842171e-16}
  m_LocalScale: {x: 1, y: 1, z: 1}
  m_Children:
  - {fileID: 4242784117722870}
  m_Father: {fileID: 4512159388331626}
  m_RootOrder: 2
  m_LocalEulerAnglesHint: {x: 0, y: 0, z: 0}
--- !u!1 &1500914960439968
GameObject:
  m_ObjectHideFlags: 0
  m_CorrespondingSourceObject: {fileID: 0}
  m_PrefabInstance: {fileID: 0}
  m_PrefabAsset: {fileID: 0}
  serializedVersion: 6
  m_Component:
  - component: {fileID: 4149395275936800}
  m_Layer: 12
  m_Name: Goat_r_FrontLeg_BallSHJnt
  m_TagString: Untagged
  m_Icon: {fileID: 0}
  m_NavMeshLayer: 0
  m_StaticEditorFlags: 0
  m_IsActive: 1
--- !u!4 &4149395275936800
Transform:
  m_ObjectHideFlags: 0
  m_CorrespondingSourceObject: {fileID: 0}
  m_PrefabInstance: {fileID: 0}
  m_PrefabAsset: {fileID: 0}
  m_GameObject: {fileID: 1500914960439968}
  m_LocalRotation: {x: 6.3864065e-15, y: 0.70710665, z: -6.386404e-15, w: 0.70710695}
  m_LocalPosition: {x: -0.05280972, y: 1.7763568e-17, z: 0.038259007}
  m_LocalScale: {x: 1, y: 1, z: 1}
  m_Children:
  - {fileID: 4166364684048710}
  m_Father: {fileID: 4521252096307158}
  m_RootOrder: 0
  m_LocalEulerAnglesHint: {x: 0, y: 0, z: 0}
--- !u!1 &1503962523481184
GameObject:
  m_ObjectHideFlags: 0
  m_CorrespondingSourceObject: {fileID: 0}
  m_PrefabInstance: {fileID: 0}
  m_PrefabAsset: {fileID: 0}
  serializedVersion: 6
  m_Component:
  - component: {fileID: 4419234153560328}
  m_Layer: 12
  m_Name: Goat_Spine_03SHJnt
  m_TagString: Untagged
  m_Icon: {fileID: 0}
  m_NavMeshLayer: 0
  m_StaticEditorFlags: 0
  m_IsActive: 1
--- !u!4 &4419234153560328
Transform:
  m_ObjectHideFlags: 0
  m_CorrespondingSourceObject: {fileID: 0}
  m_PrefabInstance: {fileID: 0}
  m_PrefabAsset: {fileID: 0}
  m_GameObject: {fileID: 1503962523481184}
  m_LocalRotation: {x: 0.9993099, y: -2.0212554e-16, z: -0.0371446, w: -2.902034e-16}
  m_LocalPosition: {x: -0.13751778, y: -2.7360435e-16, z: 0.0025842716}
  m_LocalScale: {x: 1, y: 1, z: 1}
  m_Children:
  - {fileID: 4211764740811872}
  m_Father: {fileID: 4205807918395548}
  m_RootOrder: 0
  m_LocalEulerAnglesHint: {x: 0, y: 0, z: 0}
--- !u!1 &1520549526817508
GameObject:
  m_ObjectHideFlags: 0
  m_CorrespondingSourceObject: {fileID: 0}
  m_PrefabInstance: {fileID: 0}
  m_PrefabAsset: {fileID: 0}
  serializedVersion: 6
  m_Component:
  - component: {fileID: 4243815212706282}
  m_Layer: 12
  m_Name: Goat_l_Clavicle_01_01SHJnt
  m_TagString: Untagged
  m_Icon: {fileID: 0}
  m_NavMeshLayer: 0
  m_StaticEditorFlags: 0
  m_IsActive: 1
--- !u!4 &4243815212706282
Transform:
  m_ObjectHideFlags: 0
  m_CorrespondingSourceObject: {fileID: 0}
  m_PrefabInstance: {fileID: 0}
  m_PrefabAsset: {fileID: 0}
  m_GameObject: {fileID: 1520549526817508}
  m_LocalRotation: {x: 0, y: 0, z: 0.7071068, w: 0.7071068}
  m_LocalPosition: {x: -1.0658141e-16, y: -0.086702965, z: 5.684342e-16}
  m_LocalScale: {x: 1, y: 1, z: 1}
  m_Children:
  - {fileID: 4860358861183968}
  m_Father: {fileID: 4512159388331626}
  m_RootOrder: 0
  m_LocalEulerAnglesHint: {x: 0, y: 0, z: 0}
--- !u!1 &1521891458798146
GameObject:
  m_ObjectHideFlags: 0
  m_CorrespondingSourceObject: {fileID: 0}
  m_PrefabInstance: {fileID: 0}
  m_PrefabAsset: {fileID: 0}
  serializedVersion: 6
  m_Component:
  - component: {fileID: 4135486224600922}
  m_Layer: 12
  m_Name: Goat_r_Ear_01_02SHJnt
  m_TagString: Untagged
  m_Icon: {fileID: 0}
  m_NavMeshLayer: 0
  m_StaticEditorFlags: 0
  m_IsActive: 1
--- !u!4 &4135486224600922
Transform:
  m_ObjectHideFlags: 0
  m_CorrespondingSourceObject: {fileID: 0}
  m_PrefabInstance: {fileID: 0}
  m_PrefabAsset: {fileID: 0}
  m_GameObject: {fileID: 1521891458798146}
  m_LocalRotation: {x: 0.0020871786, y: 0.019415684, z: 0.10686344, w: 0.9940819}
  m_LocalPosition: {x: 0.058081646, y: 0.005553865, z: 0.0011443121}
  m_LocalScale: {x: 1, y: 1, z: 1}
  m_Children:
  - {fileID: 4331453299988470}
  m_Father: {fileID: 4617889565238556}
  m_RootOrder: 0
  m_LocalEulerAnglesHint: {x: 0, y: 0, z: 0}
--- !u!1 &1569689613676824
GameObject:
  m_ObjectHideFlags: 0
  m_CorrespondingSourceObject: {fileID: 0}
  m_PrefabInstance: {fileID: 0}
  m_PrefabAsset: {fileID: 0}
  serializedVersion: 6
  m_Component:
  - component: {fileID: 4230693062951736}
  m_Layer: 12
  m_Name: Goat_l_HindLeg_AnkleSHJnt
  m_TagString: Untagged
  m_Icon: {fileID: 0}
  m_NavMeshLayer: 0
  m_StaticEditorFlags: 0
  m_IsActive: 1
--- !u!4 &4230693062951736
Transform:
  m_ObjectHideFlags: 0
  m_CorrespondingSourceObject: {fileID: 0}
  m_PrefabInstance: {fileID: 0}
  m_PrefabAsset: {fileID: 0}
  m_GameObject: {fileID: 1569689613676824}
  m_LocalRotation: {x: -0.015292324, y: -0.11096051, z: 0.0011525002, w: 0.9937065}
  m_LocalPosition: {x: -0.025587076, y: 1.4210854e-16, z: 1.4210854e-16}
  m_LocalScale: {x: 1, y: 1, z: 1}
  m_Children:
  - {fileID: 4927778648259874}
  m_Father: {fileID: 4997648612832210}
  m_RootOrder: 0
  m_LocalEulerAnglesHint: {x: 0, y: 0, z: 0}
--- !u!1 &1610114116090936
GameObject:
  m_ObjectHideFlags: 0
  m_CorrespondingSourceObject: {fileID: 0}
  m_PrefabInstance: {fileID: 0}
  m_PrefabAsset: {fileID: 0}
  serializedVersion: 6
  m_Component:
  - component: {fileID: 4020442338541176}
  m_Layer: 12
  m_Name: Goat_l_FrontLeg_Knee1SHJnt
  m_TagString: Untagged
  m_Icon: {fileID: 0}
  m_NavMeshLayer: 0
  m_StaticEditorFlags: 0
  m_IsActive: 1
--- !u!4 &4020442338541176
Transform:
  m_ObjectHideFlags: 0
  m_CorrespondingSourceObject: {fileID: 0}
  m_PrefabInstance: {fileID: 0}
  m_PrefabAsset: {fileID: 0}
  m_GameObject: {fileID: 1610114116090936}
  m_LocalRotation: {x: -4.039377e-15, y: -0.05860506, z: 5.1146856e-15, w: 0.99828124}
  m_LocalPosition: {x: -0.39017957, y: -1.687539e-15, z: 0}
  m_LocalScale: {x: 1, y: 1, z: 1}
  m_Children:
  - {fileID: 4575598649626824}
  m_Father: {fileID: 4860358861183968}
  m_RootOrder: 0
  m_LocalEulerAnglesHint: {x: 0, y: 0, z: 0}
--- !u!1 &1627693820126138
GameObject:
  m_ObjectHideFlags: 0
  m_CorrespondingSourceObject: {fileID: 0}
  m_PrefabInstance: {fileID: 0}
  m_PrefabAsset: {fileID: 0}
  serializedVersion: 6
  m_Component:
  - component: {fileID: 4512159388331626}
  m_Layer: 12
  m_Name: Goat_Spine_TopSHJnt
  m_TagString: Untagged
  m_Icon: {fileID: 0}
  m_NavMeshLayer: 0
  m_StaticEditorFlags: 0
  m_IsActive: 1
--- !u!4 &4512159388331626
Transform:
  m_ObjectHideFlags: 0
  m_CorrespondingSourceObject: {fileID: 0}
  m_PrefabInstance: {fileID: 0}
  m_PrefabAsset: {fileID: 0}
  m_GameObject: {fileID: 1627693820126138}
  m_LocalRotation: {x: 1.4163847e-16, y: 5.1511514e-32, z: 3.6368307e-16, w: 1}
  m_LocalPosition: {x: -0.13726805, y: -9.523586e-17, z: -0.007091699}
  m_LocalScale: {x: 1, y: 1, z: 1}
  m_Children:
  - {fileID: 4243815212706282}
  - {fileID: 4221670819728398}
  - {fileID: 4103930261392186}
  m_Father: {fileID: 4211764740811872}
  m_RootOrder: 0
  m_LocalEulerAnglesHint: {x: 0, y: 0, z: 0}
--- !u!1 &1638469143928074
GameObject:
  m_ObjectHideFlags: 0
  m_CorrespondingSourceObject: {fileID: 0}
  m_PrefabInstance: {fileID: 0}
  m_PrefabAsset: {fileID: 0}
  serializedVersion: 6
  m_Component:
  - component: {fileID: 4521252096307158}
  m_Layer: 12
  m_Name: Goat_r_FrontLeg_AnkleSHJnt
  m_TagString: Untagged
  m_Icon: {fileID: 0}
  m_NavMeshLayer: 0
  m_StaticEditorFlags: 0
  m_IsActive: 1
--- !u!4 &4521252096307158
Transform:
  m_ObjectHideFlags: 0
  m_CorrespondingSourceObject: {fileID: 0}
  m_PrefabInstance: {fileID: 0}
  m_PrefabAsset: {fileID: 0}
  m_GameObject: {fileID: 1638469143928074}
  m_LocalRotation: {x: 0.009694015, y: -0.05829878, z: 0.0048978166, w: 0.9982401}
  m_LocalPosition: {x: -0.04480778, y: -2.842171e-16, z: -1.4210854e-16}
  m_LocalScale: {x: 1, y: 1, z: 1}
  m_Children:
  - {fileID: 4149395275936800}
  m_Father: {fileID: 4271624756520614}
  m_RootOrder: 0
  m_LocalEulerAnglesHint: {x: 0, y: 0, z: 0}
--- !u!1 &1664207772660276
GameObject:
  m_ObjectHideFlags: 0
  m_CorrespondingSourceObject: {fileID: 0}
  m_PrefabInstance: {fileID: 0}
  m_PrefabAsset: {fileID: 0}
  serializedVersion: 6
  m_Component:
  - component: {fileID: 4579880907646298}
  m_Layer: 12
  m_Name: Goat_r_FrontLeg_Knee1SHJnt
  m_TagString: Untagged
  m_Icon: {fileID: 0}
  m_NavMeshLayer: 0
  m_StaticEditorFlags: 0
  m_IsActive: 1
--- !u!4 &4579880907646298
Transform:
  m_ObjectHideFlags: 0
  m_CorrespondingSourceObject: {fileID: 0}
  m_PrefabInstance: {fileID: 0}
  m_PrefabAsset: {fileID: 0}
  m_GameObject: {fileID: 1664207772660276}
  m_LocalRotation: {x: -2.2918367e-15, y: -0.05860506, z: -4.2809443e-15, w: 0.99828124}
  m_LocalPosition: {x: -0.39017957, y: -1.8829381e-15, z: 7.105427e-17}
  m_LocalScale: {x: 1, y: 1, z: 1}
  m_Children:
  - {fileID: 4271624756520614}
  m_Father: {fileID: 4242784117722870}
  m_RootOrder: 0
  m_LocalEulerAnglesHint: {x: 0, y: 0, z: 0}
--- !u!1 &1677176852055214
GameObject:
  m_ObjectHideFlags: 0
  m_CorrespondingSourceObject: {fileID: 0}
  m_PrefabInstance: {fileID: 0}
  m_PrefabAsset: {fileID: 0}
  serializedVersion: 6
  m_Component:
  - component: {fileID: 4729376905499778}
  - component: {fileID: 95366265555564934}
  - component: {fileID: 65086883579110664}
  - component: {fileID: 114841875103858704}
  - component: {fileID: 195995932468047560}
  - component: {fileID: 114168052036539596}
  - component: {fileID: 1040836152643145482}
  - component: {fileID: 6685409450178812008}
  m_Layer: 12
  m_Name: goat
  m_TagString: Unit
  m_Icon: {fileID: 0}
  m_NavMeshLayer: 0
  m_StaticEditorFlags: 0
  m_IsActive: 1
--- !u!4 &4729376905499778
Transform:
  m_ObjectHideFlags: 0
  m_CorrespondingSourceObject: {fileID: 0}
  m_PrefabInstance: {fileID: 0}
  m_PrefabAsset: {fileID: 0}
  m_GameObject: {fileID: 1677176852055214}
  m_LocalRotation: {x: 0, y: 0, z: 0, w: 1}
  m_LocalPosition: {x: 5.45, y: -0.0018310547, z: 59.68}
  m_LocalScale: {x: 0.8, y: 0.8, z: 0.8}
  m_Children:
  - {fileID: 4245257308710294}
  - {fileID: 4418246668786970}
  - {fileID: 4003508877557206}
  m_Father: {fileID: 0}
  m_RootOrder: 0
  m_LocalEulerAnglesHint: {x: 0, y: 0, z: 0}
--- !u!95 &95366265555564934
Animator:
  serializedVersion: 3
  m_ObjectHideFlags: 0
  m_CorrespondingSourceObject: {fileID: 0}
  m_PrefabInstance: {fileID: 0}
  m_PrefabAsset: {fileID: 0}
  m_GameObject: {fileID: 1677176852055214}
  m_Enabled: 1
  m_Avatar: {fileID: 9000000, guid: 3427cd0e170dfaf41ac1540f3fee4e5f, type: 3}
  m_Controller: {fileID: 9100000, guid: 73d47c096d4ce094e88df00b33f82658, type: 2}
  m_CullingMode: 1
  m_UpdateMode: 0
  m_ApplyRootMotion: 0
  m_LinearVelocityBlending: 0
  m_WarningMessage: 
  m_HasTransformHierarchy: 1
  m_AllowConstantClipSamplingOptimization: 1
  m_KeepAnimatorControllerStateOnDisable: 0
--- !u!65 &65086883579110664
BoxCollider:
  m_ObjectHideFlags: 0
  m_CorrespondingSourceObject: {fileID: 0}
  m_PrefabInstance: {fileID: 0}
  m_PrefabAsset: {fileID: 0}
  m_GameObject: {fileID: 1677176852055214}
  m_Material: {fileID: 0}
  m_IsTrigger: 1
  m_Enabled: 1
  serializedVersion: 2
  m_Size: {x: 0.6454227, y: 1.2074811, z: 1.4187164}
  m_Center: {x: -0.032279134, y: 0.62107396, z: 0.20935822}
--- !u!114 &114841875103858704
MonoBehaviour:
  m_ObjectHideFlags: 0
  m_CorrespondingSourceObject: {fileID: 0}
  m_PrefabInstance: {fileID: 0}
  m_PrefabAsset: {fileID: 0}
  m_GameObject: {fileID: 1677176852055214}
  m_Enabled: 1
  m_EditorHideFlags: 0
  m_Script: {fileID: 11500000, guid: 8e16e3e9190b36c41b197757686675ca, type: 3}
  m_Name: 
  m_EditorClassIdentifier: 
  team: 0
  tear: 0
  ownerId: 0
  maxHealth: 20
  health: 20
  live: 1
  pointToInteract: {fileID: 0}
  tearDisplay: []
  debug: 0
  isWalkAround: 1
  timeToWalk: 0
  timerToWalk: 0
  visionDistanve: 10
  _skillInfo:
    uniqueName: Goat
    readableName: Goat
    readableDescription: Goat
    imagePath: units/goat.png
    timeToBuild: 0
    costFood: 0
    costGold: 0
    costWood: 0
    productionHotkey: 0
    skillType: 1
  _skillConditions: 0
  unitPosition: {x: 0, y: 0, z: 0}
  interactType: 0
  attackTimer: 0
  attackDelayTimer: 0
  attacked: 0
  defaultStatistic:
    damage: 5
    rangeAttack: 2
    attackTime: 2
    attackDelay: 0.5
    damageAfterTimer: 1
    attackType: 2
    stabbingResist: 10
    cuttingResist: 10
    bitingResist: 10
    magicResist: 10
    agrRange: 7
    alertRange: 7
  actionEffect: {fileID: 0}
  behaviorType: 2
  bloodEffect: {fileID: 1000012909287652, guid: abb9f519b142e304d9c45b56afa768bc,
    type: 3}
  bloodOnBroundEffects: []
  destroyEffectPrefab: {fileID: 0}
  destroyEffectHandler: {fileID: 0}
  timeToDestroy: 30
  destroyAfter: 7
  toUndergroundSpeed: 1
  sendToDestroy: 0
  delayToMoveUnderground: 3
  weapon:
    prefab: {fileID: 0}
    holder: {fileID: 0}
  agent: {fileID: 0}
  obstacle: {fileID: 0}
  anim: {fileID: 0}
  target: {fileID: 0}
  tempDestinationPoint: {x: 0, y: 0, z: 0}
  previousPosition: {x: 0, y: 0, z: 0}
  curSpeed: 0
  cameraController: {fileID: 0}
  skillList: []
  producedUnits: []
  spawnPoint: {fileID: 0}
  spawnTarget: {x: 0, y: 0, z: 0}
  spawnTargetObject: {fileID: 0}
  buildTimer: 0
  productionQuery: []
  HTMLHealthFile: {fileID: 4900000, guid: e50f3066b80392041b07e41547bc36cb, type: 3}
  InfoHTMLOffset: {x: 0, y: 1.3, z: 0}
  pointMarkerPrefab: {fileID: 0}
  HTMLHealthSize: {x: 40, y: 40}
  visionToolPrefab: {fileID: 0}
  visionCount: 0
  uqeryLimit: 5
  beenSeen: 0
  holderObject: {fileID: 0}
  timerToCreateHolder: 0
  holderToolInfo:
    prefab: {fileID: 0}
    holder: {fileID: 0}
  tempSpeed: 0
  attackedTeam: 0
  pointMarker: {fileID: 0}
  canBeSelected: 1
  visionTool: {fileID: 0}
  unitSelectionComponent: {fileID: 0}
  resourceCapacityType: 1
  resourceCapacity: 100
  resourceEndless: 0
  sourceType: 0
  storedResources: 
  isInCameraView: 0
  buildHpPerSecond: 2.5
  buildingTool:
    prefab: {fileID: 0}
    holder: {fileID: 0}
  resourceGatherInfo: []
  resourceHold: 0
  resourceType: 0
  farmInfo:
    type: 0
    gatherPerSecond: 0.5
    maximumCapacity: 10
    carryObject:
      prefab: {fileID: 0}
      holder: {fileID: 0}
    toolObject:
      prefab: {fileID: 0}
      holder: {fileID: 0}
  interactObject: {fileID: 0}
--- !u!195 &195995932468047560
NavMeshAgent:
  m_ObjectHideFlags: 0
  m_CorrespondingSourceObject: {fileID: 0}
  m_PrefabInstance: {fileID: 0}
  m_PrefabAsset: {fileID: 0}
  m_GameObject: {fileID: 1677176852055214}
  m_Enabled: 1
  m_AgentTypeID: 0
  m_Radius: 0.36
  m_Speed: 4
  m_Acceleration: 50
  avoidancePriority: 50
  m_AngularSpeed: 660
  m_StoppingDistance: 0.3
  m_AutoTraverseOffMeshLink: 1
  m_AutoBraking: 1
  m_AutoRepath: 1
  m_Height: 1.45
  m_BaseOffset: 0.01
  m_WalkableMask: 4294967295
  m_ObstacleAvoidanceType: 3
--- !u!114 &114168052036539596
MonoBehaviour:
  m_ObjectHideFlags: 0
  m_CorrespondingSourceObject: {fileID: 0}
  m_PrefabInstance: {fileID: 0}
  m_PrefabAsset: {fileID: 0}
  m_GameObject: {fileID: 1677176852055214}
  m_Enabled: 1
  m_EditorHideFlags: 0
  m_Script: {fileID: 11500000, guid: 0e11b0a92f7104e4f8c2693c0cf315ba, type: 3}
  m_Name: 
  m_EditorClassIdentifier: 
  canBeSelected: 1
  isSelected: 0
  projector: {fileID: 1773813650281318}
--- !u!114 &1040836152643145482
MonoBehaviour:
  m_ObjectHideFlags: 0
  m_CorrespondingSourceObject: {fileID: 0}
  m_PrefabInstance: {fileID: 0}
  m_PrefabAsset: {fileID: 0}
  m_GameObject: {fileID: 1677176852055214}
  m_Enabled: 1
  m_EditorHideFlags: 0
  m_Script: {fileID: 11500000, guid: aa584fbee541324448dd18d8409c7a41, type: 3}
  m_Name: 
  m_EditorClassIdentifier: 
  ObservedComponentsFoldoutOpen: 1
  Group: 0
  prefixField: -1
  Synchronization: 3
  OwnershipTransfer: 0
  ObservedComponents:
  - {fileID: 6685409450178812008}
  viewIdField: 0
  InstantiationId: 2
  isRuntimeInstantiated: 0
--- !u!114 &6685409450178812008
MonoBehaviour:
  m_ObjectHideFlags: 0
  m_CorrespondingSourceObject: {fileID: 0}
  m_PrefabInstance: {fileID: 0}
  m_PrefabAsset: {fileID: 0}
  m_GameObject: {fileID: 1677176852055214}
  m_Enabled: 1
  m_EditorHideFlags: 0
  m_Script: {fileID: 11500000, guid: 627855c7f81362d41938ffe0b1475957, type: 3}
  m_Name: 
  m_EditorClassIdentifier: 
  m_SynchronizePosition: 1
  m_SynchronizeRotation: 1
  m_SynchronizeScale: 0
--- !u!1 &1682251620274130
GameObject:
  m_ObjectHideFlags: 0
  m_CorrespondingSourceObject: {fileID: 0}
  m_PrefabInstance: {fileID: 0}
  m_PrefabAsset: {fileID: 0}
  serializedVersion: 6
  m_Component:
  - component: {fileID: 4784373730844426}
  m_Layer: 12
  m_Name: Goat_Tail_01_03SHJnt
  m_TagString: Untagged
  m_Icon: {fileID: 0}
  m_NavMeshLayer: 0
  m_StaticEditorFlags: 0
  m_IsActive: 1
--- !u!4 &4784373730844426
Transform:
  m_ObjectHideFlags: 0
  m_CorrespondingSourceObject: {fileID: 0}
  m_PrefabInstance: {fileID: 0}
  m_PrefabAsset: {fileID: 0}
  m_GameObject: {fileID: 1682251620274130}
  m_LocalRotation: {x: -1.0009419e-16, y: 1.6521748e-16, z: 0.38087082, w: 0.92462826}
  m_LocalPosition: {x: -0.057853717, y: -0.041589707, z: 1.4119351e-17}
  m_LocalScale: {x: 1, y: 1, z: 1}
  m_Children: []
  m_Father: {fileID: 4844140632792426}
  m_RootOrder: 0
  m_LocalEulerAnglesHint: {x: 0, y: 0, z: 0}
--- !u!1 &1691160550961714
GameObject:
  m_ObjectHideFlags: 0
  m_CorrespondingSourceObject: {fileID: 0}
  m_PrefabInstance: {fileID: 0}
  m_PrefabAsset: {fileID: 0}
  serializedVersion: 6
  m_Component:
  - component: {fileID: 4727899602198534}
  m_Layer: 12
  m_Name: Goat_Head_TopSHJnt
  m_TagString: Untagged
  m_Icon: {fileID: 0}
  m_NavMeshLayer: 0
  m_StaticEditorFlags: 0
  m_IsActive: 1
--- !u!4 &4727899602198534
Transform:
  m_ObjectHideFlags: 0
  m_CorrespondingSourceObject: {fileID: 0}
  m_PrefabInstance: {fileID: 0}
  m_PrefabAsset: {fileID: 0}
  m_GameObject: {fileID: 1691160550961714}
  m_LocalRotation: {x: 0.05643424, y: 0.05643424, z: 0.7048512, w: 0.7048512}
  m_LocalPosition: {x: -0.17799915, y: 1.28625626e-17, z: 0.08306668}
  m_LocalScale: {x: 1, y: 1, z: 1}
  m_Children:
  - {fileID: 4465120829593570}
  - {fileID: 4617889565238556}
  m_Father: {fileID: 4975452898088238}
  m_RootOrder: 1
  m_LocalEulerAnglesHint: {x: 0, y: 0, z: 0}
--- !u!1 &1697813650673786
GameObject:
  m_ObjectHideFlags: 0
  m_CorrespondingSourceObject: {fileID: 0}
  m_PrefabInstance: {fileID: 0}
  m_PrefabAsset: {fileID: 0}
  serializedVersion: 6
  m_Component:
  - component: {fileID: 4253116705149734}
  m_Layer: 12
  m_Name: Goat_l_HindLeg_Knee1SHJnt
  m_TagString: Untagged
  m_Icon: {fileID: 0}
  m_NavMeshLayer: 0
  m_StaticEditorFlags: 0
  m_IsActive: 1
--- !u!4 &4253116705149734
Transform:
  m_ObjectHideFlags: 0
  m_CorrespondingSourceObject: {fileID: 0}
  m_PrefabInstance: {fileID: 0}
  m_PrefabAsset: {fileID: 0}
  m_GameObject: {fileID: 1697813650673786}
  m_LocalRotation: {x: -1.495013e-15, y: 0.13228828, z: -3.37769e-16, w: 0.9912113}
  m_LocalPosition: {x: -0.38345566, y: 4.973799e-16, z: 7.105427e-17}
  m_LocalScale: {x: 1, y: 1, z: 1}
  m_Children:
  - {fileID: 4997648612832210}
  m_Father: {fileID: 4947074195580496}
  m_RootOrder: 0
  m_LocalEulerAnglesHint: {x: 0, y: 0, z: 0}
--- !u!1 &1737516161208812
GameObject:
  m_ObjectHideFlags: 0
  m_CorrespondingSourceObject: {fileID: 0}
  m_PrefabInstance: {fileID: 0}
  m_PrefabAsset: {fileID: 0}
  serializedVersion: 6
  m_Component:
  - component: {fileID: 4724327383807972}
  m_Layer: 12
  m_Name: Goat_r_HindLeg_BallSHJnt
  m_TagString: Untagged
  m_Icon: {fileID: 0}
  m_NavMeshLayer: 0
  m_StaticEditorFlags: 0
  m_IsActive: 1
--- !u!4 &4724327383807972
Transform:
  m_ObjectHideFlags: 0
  m_CorrespondingSourceObject: {fileID: 0}
  m_PrefabInstance: {fileID: 0}
  m_PrefabAsset: {fileID: 0}
  m_GameObject: {fileID: 1737516161208812}
  m_LocalRotation: {x: -1.2843841e-15, y: 0.70710504, z: 1.2843904e-15, w: 0.7071085}
  m_LocalPosition: {x: -0.060050547, y: -1.0658141e-16, z: 0.023065593}
  m_LocalScale: {x: 1, y: 1, z: 1}
  m_Children:
  - {fileID: 4278397390272176}
  m_Father: {fileID: 4433005851257080}
  m_RootOrder: 0
  m_LocalEulerAnglesHint: {x: 0, y: 0, z: 0}
--- !u!1 &1750828834828300
GameObject:
  m_ObjectHideFlags: 0
  m_CorrespondingSourceObject: {fileID: 0}
  m_PrefabInstance: {fileID: 0}
  m_PrefabAsset: {fileID: 0}
  serializedVersion: 6
  m_Component:
  - component: {fileID: 4949261753544794}
  m_Layer: 12
  m_Name: Goat_l_FrontLeg_AnkleSHJnt
  m_TagString: Untagged
  m_Icon: {fileID: 0}
  m_NavMeshLayer: 0
  m_StaticEditorFlags: 0
  m_IsActive: 1
--- !u!4 &4949261753544794
Transform:
  m_ObjectHideFlags: 0
  m_CorrespondingSourceObject: {fileID: 0}
  m_PrefabInstance: {fileID: 0}
  m_PrefabAsset: {fileID: 0}
  m_GameObject: {fileID: 1750828834828300}
  m_LocalRotation: {x: -0.009694015, y: -0.05829878, z: -0.0048978166, w: 0.9982401}
  m_LocalPosition: {x: -0.04480778, y: -2.842171e-16, z: 2.1316282e-16}
  m_LocalScale: {x: 1, y: 1, z: 1}
  m_Children:
  - {fileID: 4339126835313414}
  m_Father: {fileID: 4575598649626824}
  m_RootOrder: 0
  m_LocalEulerAnglesHint: {x: 0, y: 0, z: 0}
--- !u!1 &1773813650281318
GameObject:
  m_ObjectHideFlags: 0
  m_CorrespondingSourceObject: {fileID: 0}
  m_PrefabInstance: {fileID: 0}
  m_PrefabAsset: {fileID: 0}
  serializedVersion: 6
  m_Component:
  - component: {fileID: 4003508877557206}
  - component: {fileID: 119120232540951084}
  m_Layer: 12
  m_Name: Projector
  m_TagString: Untagged
  m_Icon: {fileID: 0}
  m_NavMeshLayer: 0
  m_StaticEditorFlags: 0
  m_IsActive: 0
--- !u!4 &4003508877557206
Transform:
  m_ObjectHideFlags: 0
  m_CorrespondingSourceObject: {fileID: 0}
  m_PrefabInstance: {fileID: 0}
  m_PrefabAsset: {fileID: 0}
  m_GameObject: {fileID: 1773813650281318}
  m_LocalRotation: {x: -0.06162845, y: 0.7044161, z: -0.7044161, w: -0.06162845}
  m_LocalPosition: {x: 0, y: 0.76, z: 0}
  m_LocalScale: {x: 1, y: 1, z: 1}
  m_Children: []
  m_Father: {fileID: 4729376905499778}
  m_RootOrder: 2
  m_LocalEulerAnglesHint: {x: 90, y: 0, z: 0}
--- !u!119 &119120232540951084
Projector:
  m_ObjectHideFlags: 0
  m_CorrespondingSourceObject: {fileID: 0}
  m_PrefabInstance: {fileID: 0}
  m_PrefabAsset: {fileID: 0}
  m_GameObject: {fileID: 1773813650281318}
  m_Enabled: 1
  serializedVersion: 2
  m_NearClipPlane: 0.1
  m_FarClipPlane: 11.29
  m_FieldOfView: 60
  m_AspectRatio: 1
  m_Orthographic: 1
  m_OrthographicSize: 0.42
  m_Material: {fileID: 2100000, guid: 9e921ee33f8e5ee4884f95bba0a27ce7, type: 2}
  m_IgnoreLayers:
    serializedVersion: 2
    m_Bits: 7735
--- !u!1 &1800794352892956
GameObject:
  m_ObjectHideFlags: 0
  m_CorrespondingSourceObject: {fileID: 0}
  m_PrefabInstance: {fileID: 0}
  m_PrefabAsset: {fileID: 0}
  serializedVersion: 6
  m_Component:
  - component: {fileID: 4331453299988470}
  m_Layer: 12
  m_Name: Goat_r_Ear_01_03SHJnt
  m_TagString: Untagged
  m_Icon: {fileID: 0}
  m_NavMeshLayer: 0
  m_StaticEditorFlags: 0
  m_IsActive: 1
--- !u!4 &4331453299988470
Transform:
  m_ObjectHideFlags: 0
  m_CorrespondingSourceObject: {fileID: 0}
  m_PrefabInstance: {fileID: 0}
  m_PrefabAsset: {fileID: 0}
  m_GameObject: {fileID: 1800794352892956}
  m_LocalRotation: {x: -3.0400866e-15, y: -7.4244714e-16, z: 0.17210117, w: 0.9850793}
  m_LocalPosition: {x: 0.09455611, y: 0.023000188, z: 2.842171e-16}
  m_LocalScale: {x: 1, y: 1, z: 1}
  m_Children: []
  m_Father: {fileID: 4135486224600922}
  m_RootOrder: 0
  m_LocalEulerAnglesHint: {x: 0, y: 0, z: 0}
--- !u!1 &1834976566857070
GameObject:
  m_ObjectHideFlags: 0
  m_CorrespondingSourceObject: {fileID: 0}
  m_PrefabInstance: {fileID: 0}
  m_PrefabAsset: {fileID: 0}
  serializedVersion: 6
  m_Component:
  - component: {fileID: 4339126835313414}
  m_Layer: 12
  m_Name: Goat_l_FrontLeg_BallSHJnt
  m_TagString: Untagged
  m_Icon: {fileID: 0}
  m_NavMeshLayer: 0
  m_StaticEditorFlags: 0
  m_IsActive: 1
--- !u!4 &4339126835313414
Transform:
  m_ObjectHideFlags: 0
  m_CorrespondingSourceObject: {fileID: 0}
  m_PrefabInstance: {fileID: 0}
  m_PrefabAsset: {fileID: 0}
  m_GameObject: {fileID: 1834976566857070}
  m_LocalRotation: {x: 2.0024711e-13, y: 0.70710665, z: -2.0024702e-13, w: 0.70710695}
  m_LocalPosition: {x: -0.05280972, y: -5.506706e-16, z: 0.038259007}
  m_LocalScale: {x: 1, y: 1, z: 1}
  m_Children:
  - {fileID: 4604742550866644}
  m_Father: {fileID: 4949261753544794}
  m_RootOrder: 0
  m_LocalEulerAnglesHint: {x: 0, y: 0, z: 0}
--- !u!1 &1903270366729564
GameObject:
  m_ObjectHideFlags: 0
  m_CorrespondingSourceObject: {fileID: 0}
  m_PrefabInstance: {fileID: 0}
  m_PrefabAsset: {fileID: 0}
  serializedVersion: 6
  m_Component:
  - component: {fileID: 4352401930782858}
  m_Layer: 12
  m_Name: Goat_Neck_02SHJnt
  m_TagString: Untagged
  m_Icon: {fileID: 0}
  m_NavMeshLayer: 0
  m_StaticEditorFlags: 0
  m_IsActive: 1
--- !u!4 &4352401930782858
Transform:
  m_ObjectHideFlags: 0
  m_CorrespondingSourceObject: {fileID: 0}
  m_PrefabInstance: {fileID: 0}
  m_PrefabAsset: {fileID: 0}
  m_GameObject: {fileID: 1903270366729564}
  m_LocalRotation: {x: 1.06985365e-17, y: -0.05725436, z: 1.6408831e-15, w: 0.9983596}
  m_LocalPosition: {x: -0.14585932, y: -5.592243e-16, z: -0.028481016}
  m_LocalScale: {x: 1, y: 1, z: 1}
  m_Children:
  - {fileID: 4975452898088238}
  m_Father: {fileID: 4221670819728398}
  m_RootOrder: 0
  m_LocalEulerAnglesHint: {x: 0, y: 0, z: 0}
--- !u!1 &1934142360841042
GameObject:
  m_ObjectHideFlags: 0
  m_CorrespondingSourceObject: {fileID: 0}
  m_PrefabInstance: {fileID: 0}
  m_PrefabAsset: {fileID: 0}
  serializedVersion: 6
  m_Component:
  - component: {fileID: 4966701051755628}
  m_Layer: 12
  m_Name: Goat_l_HindLeg_ToeSHJnt
  m_TagString: Untagged
  m_Icon: {fileID: 0}
  m_NavMeshLayer: 0
  m_StaticEditorFlags: 0
  m_IsActive: 1
--- !u!4 &4966701051755628
Transform:
  m_ObjectHideFlags: 0
  m_CorrespondingSourceObject: {fileID: 0}
  m_PrefabInstance: {fileID: 0}
  m_PrefabAsset: {fileID: 0}
  m_GameObject: {fileID: 1934142360841042}
  m_LocalRotation: {x: 0, y: -0, z: -0, w: 1}
  m_LocalPosition: {x: -0.04808581, y: -1.0658141e-16, z: 2.1768068e-17}
  m_LocalScale: {x: 1, y: 1, z: 1}
  m_Children: []
  m_Father: {fileID: 4927778648259874}
  m_RootOrder: 0
  m_LocalEulerAnglesHint: {x: 0, y: 0, z: 0}
--- !u!1 &1967493121223202
GameObject:
  m_ObjectHideFlags: 0
  m_CorrespondingSourceObject: {fileID: 0}
  m_PrefabInstance: {fileID: 0}
  m_PrefabAsset: {fileID: 0}
  serializedVersion: 6
  m_Component:
  - component: {fileID: 4242784117722870}
  m_Layer: 12
  m_Name: Goat_r_FrontLeg_HipSHJnt
  m_TagString: Untagged
  m_Icon: {fileID: 0}
  m_NavMeshLayer: 0
  m_StaticEditorFlags: 0
  m_IsActive: 1
--- !u!4 &4242784117722870
Transform:
  m_ObjectHideFlags: 0
  m_CorrespondingSourceObject: {fileID: 0}
  m_PrefabInstance: {fileID: 0}
  m_PrefabAsset: {fileID: 0}
  m_GameObject: {fileID: 1967493121223202}
  m_LocalRotation: {x: 0.50538886, y: -0.5011437, z: -0.49450228, w: -0.49890342}
  m_LocalPosition: {x: 0.029832594, y: -0.005488457, z: 0.10155617}
  m_LocalScale: {x: 1, y: 1, z: 1}
  m_Children:
  - {fileID: 4579880907646298}
  m_Father: {fileID: 4103930261392186}
  m_RootOrder: 0
  m_LocalEulerAnglesHint: {x: 0, y: 0, z: 0}
--- !u!1 &1971024977048600
GameObject:
  m_ObjectHideFlags: 0
  m_CorrespondingSourceObject: {fileID: 0}
  m_PrefabInstance: {fileID: 0}
  m_PrefabAsset: {fileID: 0}
  serializedVersion: 6
  m_Component:
  - component: {fileID: 4271624756520614}
  m_Layer: 12
  m_Name: Goat_r_FrontLeg_Knee2SHJnt
  m_TagString: Untagged
  m_Icon: {fileID: 0}
  m_NavMeshLayer: 0
  m_StaticEditorFlags: 0
  m_IsActive: 1
--- !u!4 &4271624756520614
Transform:
  m_ObjectHideFlags: 0
  m_CorrespondingSourceObject: {fileID: 0}
  m_PrefabInstance: {fileID: 0}
  m_PrefabAsset: {fileID: 0}
  m_GameObject: {fileID: 1971024977048600}
  m_LocalRotation: {x: -0.000022208063, y: 0.11022904, z: -0.0000006498091, w: 0.9939062}
  m_LocalPosition: {x: -0.17348447, y: 7.105427e-16, z: -2.1316282e-16}
  m_LocalScale: {x: 1, y: 1, z: 1}
  m_Children:
  - {fileID: 4521252096307158}
  m_Father: {fileID: 4579880907646298}
  m_RootOrder: 0
  m_LocalEulerAnglesHint: {x: 0, y: 0, z: 0}
--- !u!1 &1992757341817484
GameObject:
  m_ObjectHideFlags: 0
  m_CorrespondingSourceObject: {fileID: 0}
  m_PrefabInstance: {fileID: 0}
  m_PrefabAsset: {fileID: 0}
  serializedVersion: 6
  m_Component:
  - component: {fileID: 4342456437734082}
  m_Layer: 12
  m_Name: Goat_l_Ear_01_02SHJnt
  m_TagString: Untagged
  m_Icon: {fileID: 0}
  m_NavMeshLayer: 0
  m_StaticEditorFlags: 0
  m_IsActive: 1
--- !u!4 &4342456437734082
Transform:
  m_ObjectHideFlags: 0
  m_CorrespondingSourceObject: {fileID: 0}
  m_PrefabInstance: {fileID: 0}
  m_PrefabAsset: {fileID: 0}
  m_GameObject: {fileID: 1992757341817484}
  m_LocalRotation: {x: 0.0020871786, y: -0.019415684, z: -0.10686344, w: 0.9940819}
  m_LocalPosition: {x: -0.058081646, y: 0.005553865, z: 0.0011443121}
  m_LocalScale: {x: 1, y: 1, z: 1}
  m_Children:
  - {fileID: 4540584490673002}
  m_Father: {fileID: 4465120829593570}
  m_RootOrder: 0
  m_LocalEulerAnglesHint: {x: 0, y: 0, z: 0}
--- !u!1 &1999371114514212
GameObject:
  m_ObjectHideFlags: 0
  m_CorrespondingSourceObject: {fileID: 0}
  m_PrefabInstance: {fileID: 0}
  m_PrefabAsset: {fileID: 0}
  serializedVersion: 6
  m_Component:
  - component: {fileID: 4166364684048710}
  m_Layer: 12
  m_Name: Goat_r_FrontLeg_ToeSHJnt
  m_TagString: Untagged
  m_Icon: {fileID: 0}
  m_NavMeshLayer: 0
  m_StaticEditorFlags: 0
  m_IsActive: 1
--- !u!4 &4166364684048710
Transform:
  m_ObjectHideFlags: 0
  m_CorrespondingSourceObject: {fileID: 0}
  m_PrefabInstance: {fileID: 0}
  m_PrefabAsset: {fileID: 0}
  m_GameObject: {fileID: 1999371114514212}
  m_LocalRotation: {x: 0, y: -0, z: -0, w: 1}
  m_LocalPosition: {x: -0.06119756, y: -1.7763568e-17, z: 5.1346085e-17}
  m_LocalScale: {x: 1, y: 1, z: 1}
  m_Children: []
  m_Father: {fileID: 4149395275936800}
  m_RootOrder: 0
  m_LocalEulerAnglesHint: {x: 0, y: 0, z: 0}
